@misc{ wiki:10-20,
   author = "{Wikipedia contributors}",
   title = "10–20 system (EEG)",
   year = "2022",
   url = "https://en.wikipedia.org/wiki/10%E2%80%9320_system_(EEG)",
   note = "[Online; accessed 10-May-2022]"
 }

@article{Khosrowabadi-2011,
author = {Khosrowabadi, Reza and Quek, Chai and Ang, Kai and Tung, Sau and Heijnen, Michel},
year = {2011},
pages = {757-762},
title = {A Brain-Computer Interface for classifying EEG correlates of chronic mental stress},
journal = {Proceedings of the International Joint Conference on Neural Networks}
}

@article{Vollrath-2001,
  title={Personality and stress.},
  author={Margarete E Vollrath},
  journal={Scandinavian journal of psychology},
  year={2001},
  volume={42 4},
  pages={335-47}
}

@article{Dumitru-2012,
  title={The relationship between stress and personality factors.},
  author={V. M. Dumitru and Doina Cozman},
  journal={HVM Bioflux},
  year={2012},
  volume={4},
  pages={34-39}
}

@article{Cohen-1983,
  title={A global measure of perceived stress},
  author={Cohen, S. and Kamarck, T. and Mermelstein, R.},
  journal={Journal of health and social behavior},
  year={1983},
  volume={24 4},
  pages={385-96}
}

@article{Alshargie-2018,
  title={Towards multilevel mental stress assessment using SVM with ECOC: an EEG approach},
  author={Al-Shargie, Fares and Tang, Tong Boon and Badruddin, Nasreen and Kiguchi, Masashi},
  journal={Medical \& biological engineering \& computing},
  volume={56},
  number={1},
  pages={125--136},
  year={2018},
  publisher={Springer}
}

@article{Vanitha-2016,
  title={Real time stress detection system based on EEG signals},
  author={Vanitha and P. Krishnan},
  journal={Biomedical Research-tokyo},
  year={2016},
  pages={271-275}
}

@article{Alshargie-2016,
  title={Mental stress assessment using simultaneous measurement of EEG and fNIRS.},
  author={Fares Al-shargie and Masashi Kiguchi and Nasreen Badruddin and Sarat Chandra Dass and Ahmad Fadzil M. Hani and Tong Boon Tang},
  journal={Biomedical optics express},
  year={2016},
  volume={7 10},
  pages={3882-3898}
}

@article{Subhani-2017,
  title={Machine Learning Framework for the Detection of Mental Stress at Multiple Levels},
  author={Ahmad Rauf Subhani and Wajid Mumtaz and Mohamed Naufal Bin Mohamed Saad and Nidal S. Kamel and Aamir Saeed Malik},
  journal={IEEE Access},
  year={2017},
  volume={5},
  pages={13545-13556}
}

@article{Sani-2014,
  title={Support vector machine for classification of stress subjects using EEG signals},
  author={Maizura Mohd Sani and Haryanti Norhazman and Hasmila Akmar Omar and Norliza Zaini and Salmi Abdul Ghani},
  journal={2014 IEEE Conference on Systems, Process and Control (ICSPC 2014)},
  year={2014},
  pages={127-131}
}

@article{Masood-2019,
  title={Modeling Mental Stress Using a Deep Learning Framework},
  author={Khalid Masood and Mohammed A. Alghamdi},
  journal={IEEE Access},
  year={2019},
  volume={7},
  pages={68446-68454}
}

@article{Hou-2015,
  title={EEG Based Stress Monitoring},
  author={Xiyuan Hou and Yisi Liu and Olga Sourina and Yun Rui Eileen Tan and Lipo Wang and Wolfgang M{\"u}ller-Wittig},
  journal={2015 IEEE International Conference on Systems, Man, and Cybernetics},
  year={2015},
  pages={3110-3115}
}

@article{Peng-2012,
  title={A method of identifying chronic stress by EEG},
  author={Hong Peng and Bin Hu and Fang Zheng and Dangping Fan and Wen Zhao and Xuebin Chen and Yongxia Yang and Qingcui Cai},
  journal={Personal and Ubiquitous Computing},
  year={2012},
  volume={17},
  pages={1341-1347}
}

@article{Saeed2020,
  title={EEG Based Classification of Long-Term Stress Using Psychological Labeling},
  author={Sanay Muhammad Umar Saeed and Syed Muhammad Anwar and Humaira Khalid and Muhammad Majid and Ulas Bagci},
  journal={Sensors (Basel, Switzerland)},
  year={2020},
  volume={20}
}

@inbook{Seo2010,
author = {Seo, Ssang Hee and Lee, Jung-Tae},
year = {2010},
month = {03},
pages = {},
title = {Stress and EEG},
isbn = {978-953-307-068-1},
}

@article{Alonso2015,
  title={Stress assessment based on EEG univariate features and functional connectivity measures.},
  author={Joan Francesc Alonso and Sergio Romero and Mar{\'i}a Rosa Ballester and Rosa M. Antonijoan and Miguel Angel Ma{\~n}anas},
  journal={Physiological measurement},
  year={2015},
  volume={36 7},
  pages={1351-1365}
}

@article{Cohen2000,
  title={Autonomic dysregulation in panic disorder and in post-traumatic stress disorder: application of power spectrum analysis of heart rate variability at rest and in response to recollection of trauma or panic attacks},
  author={Hagit Cohen and Jonathan Benjamin and Amir B. Geva and Michael Alex Matar and Ze'ev Kaplan and Moshe Kotler},
  journal={Psychiatry Research},
  year={2000},
  volume={96},
  pages={1-13}
}

@article{Hughes2000,
  title={Depressed Mood Is Related to High-Frequency Heart Rate Variability During Stressors},
  author={Joel W. Hughes and Catherine M. Stoney},
  journal={Psychosomatic Medicine},
  year={2000},
  volume={62},
  pages={796-803}
}

@article{Kulkarni2020,
  title={A Review on EEG Based Stress Monitoring System Using Deep
Learning Approach},
  author={Nilesh Kulkarni and Sanjana Phalle and Manai Desale and Nikita Gokhale and Kokila Kasture},
  journal={Mukt Shabd J},
  year={2020},
  volume={9},
  pages={ 1317–1325}
}

@article{Awang2011,
  title={Analysis of EEG signals during relaxation and mental stress condition using AR modeling techniques},
  author={Saidatul Ardeenawatie Awang and Murugesa Pandiyan Paulraj and Sazali Yaacob and Mohd Ali Yusnita},
  journal={2011 IEEE International Conference on Control System, Computing and Engineering},
  year={2011},
  pages={477-481}
}

@article{Hu2015,
  title={Signal Quality Assessment Model for Wearable EEG Sensor on Prediction of Mental Stress},
  author={Bin Hu and Hong Peng and Qinglin Zhao and Bo Hu and Dennis Majoe and Fang Zheng and Philip Moore},
  journal={IEEE Transactions on NanoBioscience},
  year={2015},
  volume={14},
  pages={553-561}
}

@article{Wang2014,
  title={Emotional state classification from EEG data using machine learning approach},
  author={Xiao-Wei Wang and Dan Nie and Bao-Liang Lu},
  journal={Neurocomputing},
  year={2014},
  volume={129},
  pages={94-106}
}

@article{Puterman2011,
  title={Physical Activity Moderates Effects of Stressor-Induced Rumination on Cortisol Reactivity},
  author={Eli Puterman and Aoife N O'Donovan and Nancy E. Adler and A. Janet Tomiyama and Margaret E. Kemeny and Owen M. Wolkowitz and Elissa S. Epel},
  journal={Psychosomatic Medicine},
  year={2011},
  volume={73},
  pages={604-611}
}

@article{Harmony1996,
  title={EEG delta activity: an indicator of attention to internal processing during performance of mental tasks.},
  author={Thal{\'i}a Harmony and Thal{\'i}a Fern{\'a}ndez and J Silva and Jorge Bernal and L. D{\'i}az-Comas and A Reyes and Erzs{\'e}bet Marosi and M. Rodriguez},
  journal={International journal of psychophysiology : official journal of the International Organization of Psychophysiology},
  year={1996},
  volume={24 1-2},
  pages={161-71}
}

@article{Grtner2015,
  title={Frontal midline theta oscillations during mental arithmetic: effects of stress},
  author={Matti G{\"a}rtner and Simone Grimm and Malek Bajbouj},
  journal={Frontiers in Behavioral Neuroscience},
  year={2015},
  volume={9}
}

@article{Kaiser2016,
  title={Electroencephalogram alpha asymmetry in geriatric depression},
  author={Andreas K. Kaiser and Michael Doppelmayr and Bernhard Iglseder},
  journal={Zeitschrift f{\"u}r Gerontologie und Geriatrie},
  year={2016},
  volume={51},
  pages={200-205}
}

@article{Arsalan2019,
  title={Classification of Perceived Mental Stress Using A Commercially Available EEG Headband},
  author={Aamir Arsalan and Muhammad Majid and Amna Rauf Butt and Syed Muhammad Anwar},
  journal={IEEE Journal of Biomedical and Health Informatics},
  year={2019},
  volume={23},
  pages={2257-2264}
}

@article{Saeed2017,
  title={Quantification of Human Stress Using Commercially Available Single Channel EEG Headset},
  author={Sanay Muhammad Umar Saeed and Syed Muhammad Anwar and Muhammad Majid},
  journal={IEICE Trans. Inf. Syst.},
  year={2017},
  volume={100-D},
  pages={2241-2244}
}

@article{McGonagle1990,
  title={Chronic stress, acute stress, and depressive symptoms},
  author={Katherine A. McGonagle and Ronald C. Kessler},
  journal={American Journal of Community Psychology},
  year={1990},
  volume={18},
  pages={681-706}
}

@article{Lewis2007,
  title={The effect of a naturalistic stressor on frontal EEG asymmetry, stress, and health},
  author={Richard S. Lewis and Nicole Y. Weekes and Tracy H. Wang},
  journal={Biological Psychology},
  year={2007},
  volume={75},
  pages={239-247}
}

@inproceedings{Tong2009,
  title={Quantitative EEG analysis methods and clinical applications},
  author={Shanbao Tong and Nitish V. Thakor},
  year={2009}
}

@article{Subha2008,
  title={EEG Signal Analysis: A Survey},
  author={D. Puthankattil Subha and Paul K. Joseph and U. Rajendra Acharya and Choo Min Lim},
  journal={Journal of Medical Systems},
  year={2008},
  volume={34},
  pages={195-212}
}

@article{Cvetkovic2008,
  title={Wavelet transform feature extraction from human PPG, ECG, and EEG signal responses to ELF PEMF exposures: A pilot study},
  author={Dean Cvetkovic and Elif Derya {\"U}beyli and Irena Cosic},
  journal={Digit. Signal Process.},
  year={2008},
  volume={18},
  pages={861-874}
}

@inproceedings{Alshargie2015,
  title={Mental Stress Quantification Using EEG Signals},
  author={Fares Al-shargie and Tong Boon Tang and Nasreen Badruddin and Masashi Kiguchi},
  year={2015}
}

@article{Alshargie2015SimultaneousMO,
  title={Simultaneous measurement of EEG-fNIRS in classifying and localizing brain activation to mental stress},
  author={Fares Al-shargie and Tong Boon Tang and Nasreen Badruddin and Masashi Kiguchi},
  journal={2015 IEEE International Conference on Signal and Image Processing Applications (ICSIPA)},
  year={2015},
  pages={282-286}
}

@article{Jun2016,
  title={EEG based stress level identification},
  author={Guo Jun and Kavallur Gopi Smitha},
  journal={2016 IEEE International Conference on Systems, Man, and Cybernetics (SMC)},
  year={2016},
  pages={003270-003274}
}

@article{Xia2018,
  title={A physiological signal-based method for early mental-stress detection},
  author={Likun Xia and Aamir Saeed Malik and Ahmad Rauf Subhani},
  journal={Biomed. Signal Process. Control.},
  year={2018},
  volume={46},
  pages={18-32}
}

@inproceedings{Zanetti2018,
  title={Assessment of Mental Stress Through the Analysis of Physiological Signals Acquired From Wearable Devices},
  author={Matteo Zanetti and Luca Faes and Mariolino De Cecco and Alberto Fornaser and Martina Valente and Giovanni M. A. Guandalini and Giandomenico Nollo},
  booktitle={ForItAAL},
  year={2018}
}

@article{Minguillon2018,
  title={Portable System for Real-Time Detection of Stress Level},
  author={Jesus Minguillon and Eduardo Perez and Miguel Angel Lopez-Gordo and Francisco J. Pelayo and Maria Jose Sanchez-Carrion},
  journal={Sensors (Basel, Switzerland)},
  year={2018},
  volume={18}
}

@article{Lotfan2019,
  title={Support vector machine classification of brain states exposed to social stress test using EEG-based brain network measures},
  author={Saeed Lotfan and Shima Shahyad and Reza Khosrowabadi and Alireza Mohammadi and Boshra Hatef},
  journal={Biocybernetics and Biomedical Engineering},
  year={2019}
}

@article{Thoits2010,
  title={Stress and Health: Major Findings and Policy Implications},
  author={Peggy A. Thoits},
  journal={Journal of Health and Social Behavior},
  year={2010},
  volume={51},
  pages={S41 - S53}
}

@article{Garg2001,
  title={Psychological stress perturbs epidermal permeability barrier homeostasis: implications for the pathogenesis of stress-associated skin disorders.},
  author={A Garg and Mary-Margaret Chren and L. Paul Sands and Mary S. Matsui and Kenneth D. Marenus and Kenneth R. Feingold and Peter M. Elias},
  journal={Archives of dermatology},
  year={2001},
  volume={137 1},
  pages={53-9}
}

@article{Adam2007,
  title={Stress, eating and the reward system},
  author={Tanja C. Adam and Elissa S. Epel},
  journal={Physiology \& Behavior},
  year={2007},
  volume={91},
  pages={449-458}
}

@article{Hafeez2018,
  title={Stress Effects on Exam Performance using EEG},
  author={Muhammad Adeel Hafeez and Sadia Shakil and Sobia Jangsher},
  journal={2018 14th International Conference on Emerging Technologies (ICET)},
  year={2018},
  pages={1-4}
}

@article{Hamid2010,
author = {Hamid, N.H. and Sulaiman, Norizam and Mohd Aris, Siti Armiza and Murat, Zunairah and Taib, Mohd Nasir},
year = {2010},
month = {06},
pages = {1 - 4},
title = {Evaluation of human stress using EEG Power Spectrum},
journal = {6th International Colloquium on Signal Processing and Its Applications (CSPA)}
}

@article{Jebelli2017,
author = {Jebelli, Houtan and Hwang, Sungjoo and Lee, SangHyun},
year = {2017},
month = {10},
pages = {},
title = {An EEG Signal Processing Framework to Obtain High-Quality Brain Waves from an Off-the-Shelf Wearable EEG Device},
volume = {32},
journal = {Journal of Computing in Civil Engineering}
}

@article{doi2013,
  title={NIRS as a tool for assaying emotional function in the prefrontal cortex},
  author={H. Doi and S. Nishitani and K. Shinohara},
  journal={Frontiers in Human Neuroscience},
  year={2013},
  volume={7}
}

@article{Ossewaarde2011,
author = {Ossewaarde, Lindsey and Qin, Shaozheng and Marle, Hein and van Wingen, Guido and Fernández, Guillén and Hermans, Erno},
year = {2011},
month = {03},
pages = {345-52},
title = {Stress-induced reduction in reward-related prefrontal cortex function},
volume = {55},
journal = {NeuroImage}
}

@article{qin2009,
  title={Acute Psychological Stress Reduces Working Memory-Related Activity in the Dorsolateral Prefrontal Cortex},
  author={Shaozheng Qin and E. Hermans and H. V. Marle and J. Luo and G. Fern{\'a}ndez},
  journal={Biological Psychiatry},
  year={2009},
  volume={66},
  pages={25-32}
}

@article{Arnsten2009,
author = {Arnsten, Amy},
year = {2009},
month = {07},
pages = {410-22},
title = {Stress signaling pathways that impair prefrontal cortex structure and function},
volume = {10},
journal = {Nature reviews. Neuroscience}
}

@article{Herman2005,
  title={Limbic system mechanisms of stress regulation: Hypothalamo-pituitary-adrenocortical axis},
  author={J. Herman and M. Ostrander and Nancy K. Mueller and H. Figueiredo},
  journal={Progress in Neuro-Psychopharmacology and Biological Psychiatry},
  year={2005},
  volume={29},
  pages={1201-1213}
}

@article{Pruessner2009,
author = {Pruessner, Jens and Dedovic, Katarina and Pruessner, Marita and Lord, Catherine and Buss, Claudia and Collins, Louis and Dagher, Alain and Lupien, Sonia},
year = {2009},
month = {05},
pages = {179-91},
title = {Stress regulation in the central nervous system: evidence from structural and functional neuroimaging studies in human populations-2008 Curt Richter Award Winner},
volume = {35},
journal = {Psychoneuroendocrinology}
}

@article{Wang2006,
author = {Wang, Danny and Rao, Hengyi and Wetmore, Gabriel and Furlan, Patricia and Korczykowski, Marc and Dinges, David and Detre, John},
year = {2006},
month = {01},
pages = {17804-9},
title = {Perfusion functional MRI reveals cerebral blood flow pattern under psychological stress},
volume = {102},
journal = {Proceedings of the National Academy of Sciences of the United States of America}
}

@article{Mukherjee2019,
  title={Detection of Stress in Human Brain},
  author={Prithwijit Mukherjee and A. Roy},
  journal={2019 Second International Conference on Advanced Computational and Communication Paradigms (ICACCP)},
  year={2019},
  pages={1-6}
}

@article{Rahnuma2011,
author = {Rahnuma, Kazi and Wahab, Abdul and Kamaruddin, Norhaslinda and Majid, Hariyati},
year = {2011},
month = {06},
pages = {592-597},
title = {EEG analysis for understanding stress based on affective model basis function},
journal = {Digest of Technical Papers - IEEE International Conference on Consumer Electronics}
}

@article{Nagar2019,
  title={Brain Mapping Based Stress Identification Using Portable EEG Based Device},
  author={Preeti Nagar and Divyashikha Sethia},
  journal={2019 11th International Conference on Communication Systems \& Networks (COMSNETS)},
  year={2019},
  pages={601-606}
}

@article{Alfred2015,
author = {Lim, Alfred and Chia, Wai},
year = {2015},
month = {04},
pages = {149-155},
title = {Analysis of Single-Electrode EEG Rhythms Using MATLAB to Elicit Correlation with Cognitive Stress},
volume = {7},
journal = {International Journal of Computer Theory and Engineering}
}

@article{Kotsiantis2007,
  title={Supervised Machine Learning: A Review of Classification Techniques},
  author={Sotiris B. Kotsiantis},
  journal={Informatica (Slovenia)},
  year={2007},
  volume={31},
  pages={249-268}
}

@article{Ameera2019,
  title={Analysis of EEG Spectrum Bands Using Power Spectral Density for Pleasure and Displeasure State},
  author={A. Aytah Ameera and A. Saidatul and Z. Ibrahim},
  journal={IOP Conference Series: Materials Science and Engineering},
  year={2019}
}

@article{UmarSaeed2018,
  title={Selection of Neural Oscillatory Features for Human Stress Classification with Single Channel EEG Headset},
  author={Sanay Muhammad Umar Saeed and Syed Muhammad Anwar and Muhammad Majid and Muhammad Awais and Majdi R. Alnowami},
  journal={BioMed Research International},
  year={2018},
  volume={2018}
}